% This file was created with JabRef 2.10b2.
% Encoding: UTF-8


@Book{GolV13,
  author    = {G. H. Golub and C. F. van Loan},
  title     = {Matrix {C}omputations},
  year      = {2013},
  edition   = {Fourth},
  publisher = {JHU Press},
  isbn      = {1421407949 9781421407944},
  url       = {http://www.cs.cornell.edu/cv/GVL4/golubandvanloan.htm},
  added-at  = {2014-06-23T11:34:50.000+0200},
  biburl    = {https://www.bibsonomy.org/bibtex/2b9e78e06f69f858cbc968e62c71bb0ef/ytyoun},
  interhash = {a6e3f89a44ff7ccc942c17c894a0dab5},
  intrahash = {b9e78e06f69f858cbc968e62c71bb0ef},
  keywords  = {GvL cauchy circulant courant-fischer determinant dft eigenvalues interlacing linear.algebra matrix pseudoinverse textbook},
  refid     = {824733531},
  timestamp = {2017-08-18T08:02:54.000+0200},
}
